<?xml version="1.0" encoding="UTF-8"?><collection xmlns="http://www.loc.gov/MARC21/slim"><record><leader>00489nam--2200181-u-4500</leader><controlfield tag="001">000051540</controlfield><controlfield tag="002">20161230</controlfield><controlfield tag="005">20161230201049</controlfield><controlfield tag="008">080801s1000------------r-----000-0-eng-d</controlfield><datafield ind1=" " ind2=" " tag="040"><subfield code="a">IFIN-HH</subfield></datafield><datafield ind1=" " ind2=" " tag="080"><subfield code="a">517.54</subfield></datafield><datafield ind1="1" ind2=" " tag="100"><subfield code="a">Fan,M.Ky</subfield></datafield><datafield ind1="1" ind2="0" tag="245"><subfield code="a">Les Fonctions definies-positives et les Fonctions Completement Monotones</subfield></datafield><datafield ind1=" " ind2=" " tag="260"><subfield code="a">Paris</subfield><subfield code="c">1950</subfield></datafield><datafield ind1=" " ind2=" " tag="300"><subfield code="a">47 p</subfield></datafield><datafield ind1=" " ind2=" " tag="490"><subfield code="a">Memorial des Sciences de Paris</subfield><subfield code="v">Fascicule CXIV</subfield></datafield><datafield ind1=" " ind2=" " tag="852"><subfield code="a">20412</subfield><subfield code="c">517.5</subfield></datafield><datafield ind1=" " ind2=" " tag="CAT"><subfield code="a">Sys</subfield><subfield code="c">20080801</subfield><subfield code="h">103528</subfield></datafield></record></collection>